@article{Lienard,
title = "A note on existence and uniqueness of limit cycles for Lienard systems",
journal = "Journal of Mathematical Analysis and Applications",
volume = "307",
number = "2",
pages = "763 - 773",
year = "2005",
author = "Timoteo Carletti and Gabriele Villari"
}


@article{belur,
  title={Nonlinear Dynamical Systems: Lecture 11},
  author={Madhu N. Belur and Harish K. Pillai},
  journal={IIT Bombay}
}
